@online{noauthor_example_nodate,
	title = {Example Domain},
	url = {https://example.com/},
	urldate = {2022-12-26},
}

@book{gangoffour_book,
  author    = {Erich Gamma, Richard Helm, Ralph Johnson und John Vlissides},
  title     = {Design Patterns: Elements of Reusable Object-Oriented Software},
  publisher = {Addison-Wesley},
  year      = {1995},
  address   = {Reading, MA},
  isbn      = {0-201-63361-2}
}

@article{loosecoupling_reconceptualization,
    author = {Orton, James Douglas and Douglas, James and Weick, Karl},
    year = {1990},
    month = {04},
    pages = {203-223},
    title = {Loosely Coupled Systems: A Reconceptualization},
    volume = {15},
    journal = {Academy of Management Review},
    doi = {10.2307/258154}
}

@article{meilir_loosecoupling,
    author = {Page-jones, Meilir},
    year = {1980},
    month = {01},
    pages = {},
    title = {The Practical Guide to Structured Systems Design}
}
